<collection xmlns="http://www.loc.gov/MARC21/slim"><record><leader>00706nam  2200217   450</leader><controlfield tag="001">138</controlfield><controlfield tag="003">http://montalegre.opacnet.com/OPAC/default.aspx?ContentAreaControl=ShowRegHoldings.ascx&amp;RegNo=16662</controlfield><controlfield tag="005">20</controlfield><datafield tag="095" ind1=" " ind2=" "><subfield code="a">PTBN00274493</subfield></datafield><datafield tag="100" ind1=" " ind2=" "><subfield code="a">20061013d1963    m  y0pora010305  ba</subfield></datafield><datafield tag="101" ind1="1" ind2=" "><subfield code="a">por</subfield><subfield code="c">eng</subfield></datafield><datafield tag="102" ind1=" " ind2=" "><subfield code="a">PT</subfield></datafield><datafield tag="200" ind1="1" ind2=" "><subfield code="a">Catorze histórias</subfield><subfield code="f">Pearl Sydenstricker Buck</subfield><subfield code="g">trad. Joäo Cabral do Nascimento</subfield></datafield><datafield tag="210" ind1=" " ind2=" "><subfield code="a">Lisboa</subfield><subfield code="c">Minerva</subfield><subfield code="d">1963</subfield></datafield><datafield tag="215" ind1=" " ind2=" "><subfield code="a">303, [1] p.</subfield><subfield code="d">19 cm</subfield></datafield><datafield tag="225" ind1="2" ind2=" "><subfield code="a">Minerva</subfield><subfield code="i">Capa amarela</subfield></datafield><datafield tag="304" ind1=" " ind2=" "><subfield code="a">Tít. orig. : Fourteen stories</subfield></datafield><datafield tag="675" ind1=" " ind2=" "><subfield code="a">821</subfield><subfield code="v">BN</subfield><subfield code="z">por</subfield></datafield><datafield tag="700" ind1=" " ind2="1"><subfield code="a">Buck</subfield><subfield code="b">Pearl S</subfield><subfield code="f">1892-1973</subfield></datafield><datafield tag="702" ind1=" " ind2="1"><subfield code="a">Nascimento</subfield><subfield code="b">Cabral do</subfield><subfield code="f">1897-1978</subfield><subfield code="4">730</subfield></datafield><datafield tag="801" ind1=" " ind2="0"><subfield code="a">PT</subfield><subfield code="b">Biblioteca Municipal de Montalegre</subfield><subfield code="g">RPC</subfield></datafield><datafield tag="909" ind1="&#9;" ind2=" "><subfield code="a">1</subfield></datafield><datafield tag="966" ind1=" " ind2=" "><subfield code="a">0008120</subfield><subfield code="l">BMM</subfield><subfield code="s">SCG 821 BUC cat</subfield></datafield></record></collection>